
@inproceedings{steffen-isola-2016,
  author    = {Bernhard Steffen},
  title     = {...},
  booktitle = {7th International Symposium On 
               Leveraging Applications of Formal Methods, 
               Verification and Validation, ISoLA 2016,
    Corfu, Greece, October 8-11},
  editor    = {T. Margaria and B. Steffen},
  publisher = {Springer},
  series    = {LNCS},
  volume    = {TBD},
  year      = {2016}
}

